@book{von2007theory,
	title={Theory of games and economic behavior},
	author={Von Neumann, John and Morgenstern, Oskar},
	year={2007},
	publisher={Princeton university press}
}

@article{tendler2002power4,
	title={POWER4 system microarchitecture},
	author={Tendler, Joel M and Dodson, J Steve and Fields, JS and Le, Hung and Sinharoy, Balaram},
	journal={IBM Journal of Research and Development},
	volume={46},
	number={1},
	pages={5--25},
	year={2002},
	publisher={IBM}
}