@article{wagner1983statistics,
  title={Statistics of speckle in ultrasound B-scans},
  author={Wagner, Robert F and Smith, Stephen W and Sandrik, John M and Lopez, Hector},
  journal={Sonics and Ultrasonics, IEEE Transactions on},
  volume={30},
  number={3},
  pages={156--163},
  year={1983},
  publisher={IEEE}
}

@article{chen1997determination,
  title={Determination of scan-plane motion using speckle decorrelation: theoretical considerations and initial test},
  author={Chen, Jian-Feng and Fowlkes, J Brian and Carson, Paul L and Rubin, Jonathan M},
  year={1997},	
  publisher={John Wiley \& Sons, Inc.}
}

@article{schneider2012real,
  title={Real-time image-based rigid registration of three-dimensional ultrasound},
  author={Schneider, Robert J and Perrin, Douglas P and Vasilyev, Nikolay V and Marx, Gerald R and Pedro, J and Howe, Robert D},
  journal={Medical image analysis},
  volume={16},
  number={2},
  pages={402--414},
  year={2012},
  publisher={Elsevier}
}

@incollection{conrath2012towards,
  title={Towards Improving the Accuracy of Sensorless Freehand 3D Ultrasound by Learning},
  author={Conrath, Juliette and Laporte, Catherine},
  booktitle={Machine Learning in Medical Imaging},
  pages={78--85},
  year={2012},
  publisher={Springer}
}


@article{tuthill1998automated,
  title={Automated three-dimensional US frame positioning computed from elevational speckle decorrelation.},
  author={Tuthill, Theresa A and Kr{\"u}cker, JF and Fowlkes, J Brian and Carson, Paul L},
  journal={Radiology},
  volume={209},
  number={2},
  pages={575--582},
  year={1998}
}

@article{housden2006subsample,
  title={Subsample interpolation strategies for sensorless freehand 3D ultrasound},
  author={Housden, R James and Gee, Andrew H and Treece, Graham M and Prager, Richard W},
  journal={Ultrasound in medicine \& biology},
  volume={32},
  number={12},
  pages={1897--1904},
  year={2006},
  publisher={Elsevier}
}

@phdthesis{conrath2012recalage,
  title={Recalage d’images {\'e}chographiques par apprentissage pour l’{\'e}chographie 3D main libre sans capteur de position},
  author={Conrath, Juliette},
  year={2012},
  school={{\'E}cole de technologie sup{\'e}rieure}
}

@article{rivaz2008ultrasound,
  title={Ultrasound elastography: a dynamic programming approach},
  author={Rivaz, Hassan and Boctor, Emad and Foroughi, Pezhman and Zellars, Richard and Fichtinger, Gabor and Hager, Gregory},
  journal={Medical Imaging, IEEE Transactions on},
  volume={27},
  number={10},
  pages={1373--1377},
  year={2008},
  publisher={IEEE}
}

@article{laporte2011learning,
  title={Learning to estimate out-of-plane motion in ultrasound imagery of real tissue},
  author={Laporte, Catherine and Arbel, Tal},
  journal={Medical image analysis},
  volume={15},
  number={2},
  pages={202--213},
  year={2011},
  publisher={Elsevier}
}

@article{kallel1994speckle,
  title={Speckle motion artifact under tissue rotation},
  author={Kallel, Faouzi and Bertrand, Michel and Meunier, Jean},
  journal={Ultrasonics, Ferroelectrics, and Frequency Control, IEEE Transactions on},
  volume={41},
  number={1},
  pages={105--122},
  year={1994},
  publisher={IEEE}
}

@ONLINE{stoylen10,
author = {Støylen, Asbjørn},
year = {2006},
url = {http://folk.ntnu.no/stoylen/strainrate/Ultrasound/}
}

@article{afsham2015nonlocal,
  title={Nonlocal means filter-based speckle tracking},
  author={Afsham, Narges and Rasoulian, Abtin and Najafi, Mohammad and Abolmaesumi, Purang and Rohling, Robert},
  journal={Ultrasonics, Ferroelectrics, and Frequency Control, IEEE Transactions on},
  volume={62},
  number={8},
  pages={1501--1515},
  year={2015},
  publisher={IEEE}
}
