@misc{Arbel16,
  author        = {Tal Arbel and Colm Elliott},
  title         = {Lecture course in Gaussian Mixture Models, EM, Kernel Density Estimation},
  month         = {February},
  year          = {2016},
  publisher={McGill University}
}

@inproceedings{AlpertGBB07,
   author = {"Sharon Alpert and Meirav Galun and Ronen Basri and Achi Brandt"},
   title = {"Image Segmentation by Probabilistic Bottom-Up Aggregation and Cue Integration."},
   booktitle = {"Proceedings of the IEEE Conference on Computer Vision and Pattern Recognition"},
   month = {"June"},
   year = {"2007"}
} 

@article{wit2012all,
  title={‘All models are wrong...’: an introduction to model uncertainty},
  author={Wit, Ernst and Heuvel, Edwin van den and Romeijn, Jan-Willem},
  journal={Statistica Neerlandica},
  volume={66},
  number={3},
  pages={217--236},
  year={2012},
  publisher={Wiley Online Library}
}
