@misc{karakuzu2022neurolibre,
	title={NeuroLibre : A preprint server for full-fledged reproducible neuroscience},
	url={osf.io/h89js},
	DOI={10.31219/osf.io/h89js},
	publisher={OSF Preprints},
	author={Karakuzu, Agah and DuPre, Elizabeth and Tetrel, Lo{\"i}c and Bermudez, Patrick and Boudreau, Mathieu and Chin, Mary and Poline, Jean-Baptiste and Das, Samir and Bellec, Pierre and Stikov, Nikola},
	year={2022},
	addendum={Poster presented at OHBM 2020, Online}
}

@inproceedings{chatelain2022testing,
	title={Testing the long-term reproducibility of fMRIPrep results},
	author={Chatelain, Yohan and Tetrel, Lo{\"i}c and Markiewicz, Christopher J. and Kiar, Gregory and Esteban, Oscar and Bellec, Pierre and Glatard, Tristan},
	year={2022},
	addendum={Poster presented at OHBM 2022, Glasgow, Scotland}
}

@article{lussier2022standardized,
	title = {Standardized preprocessed derivatives for the Comprehensive Assessment of Neurodegeneration and Dementia (COMPASS-ND) Study},
	journal = {Alzheimer's \& Dementia},
	volume = {None},
	number = {None, Supplement },
	pages = {None},
	year = {2022},
	note = {Alzheimerâ€™s Association International Conference 2022},
	issn = {None},
	doi = {10.1016/None},
	url = {https://www.sciencedirect.com/science/article/pii/None},
	author={Lussier, D{\'e}sir{\'e}e and Clarke, Natasha and Wang, Hao-Ting and Bor{\'e}, Arnaud and Tetrel, Lo{\"i}c and Duchesne, Simon and Devenyi, Gabriel A. and Chakravarty, M. Mallar and Descoteaux, Maxime and Dixon, Roger A. and Badhwar, AmanPreet and Bellec, Pierre},
	addendum={Poster presented at AAIC 2022, San Diego, CA}
}

@inproceedings{tetrel2021fast,
	title={Fast and accurate EPI spatial normalization using convolutional neural network},
	author={Tetrel, Lo{\"i}c and Bellec, Pierre},
	year={2021},
	doi={10.17605/osf.io/yp3vh},
	addendum={Poster presented at OHBM 2021, Online}
}

@article{zhang2021functional,
	title = {Functional annotation of human cognitive states using deep graph convolution},
	journal = {NeuroImage},
	volume = {231},
	pages = {117847},
	year = {2021},
	issn = {1053-8119},
	doi = {10.1016/j.neuroimage.2021.117847},
	url = {https://www.sciencedirect.com/science/article/pii/S1053811921001245},
	author = {Yu Zhang and Lo{\"i}c Tetrel and Bertrand Thirion and Pierre Bellec},
	keywords = {fMRI, Brain decoding, Brain dynamics, Cognitive states, Graph convolutional network, Deep learning}
}

@inproceedings{zhang2019benchmarking,
	title={Benchmarking 3d-CNN models for brain decoding on CPU servers},
	author={Zhang, Yu and Tetrel, Lo{\"i}c and Bellec, Pierre},
	year={2019},
	addendum={Poster presented at MAIN 2019, Montreal, Canada}
}

@phdthesis{tetrel2016estimation,
	title={Estimation de la trajectoire d'une sonde ultrasonore pour l'{\'e}chographie 3D main-libre sans capteur de position},
	author={Tetrel, Lo{\"i}c},
	year={2016},
	school={{\'E}cole de technologie sup{\'e}rieure}
}

@InProceedings{tetrel2016learning,
	author={Tetrel, Lo{\"i}c and Chebrek, Hac{\`e}ne and Laporte, Catherine},
	editor={Wang, Li and Adeli, Ehsan and Wang, Qian and Shi, Yinghuan and Suk, Heung-Il},
	title={Learning for Graph-Based Sensorless Freehand 3D Ultrasound},
	booktitle={Machine Learning in Medical Imaging},
	year={2016},
	publisher={Springer International Publishing},
	address={Cham},
	pages={205--212},
	organization={Springer},
	doi={10.1007/978-3-319-47157-0_25}
}
