@article{bayes1958essay,
  title={An essay towards solving a problem in the doctrine of chances, reprinted in},
  author={Bayes, Thomas},
  journal={Biometrika},
  volume={45},
  pages={243--315},
  year={1958}
}

@article{prashanth2014automatic,
  title={Automatic classification and prediction models for early Parkinson’s disease diagnosis from SPECT imaging},
  author={Prashanth, R and Roy, Sumantra Dutta and Mandal, Pravat K and Ghosh, Shantanu},
  journal={Expert Systems with Applications},
  volume={41},
  number={7},
  pages={3333--3342},
  year={2014},
  publisher={Elsevier}
}

% bitcoin_price

@techreport{nakamoto2019bitcoin,
  title={Bitcoin: A peer-to-peer electronic cash system},
  author={Nakamoto, Satoshi},
  year={2019},
  institution={Manubot}
}

@article{jang2017empirical,
  title={An empirical study on modeling and prediction of bitcoin prices with bayesian neural networks based on blockchain information},
  author={Jang, Huisu and Lee, Jaewook},
  journal={Ieee Access},
  volume={6},
  pages={5427--5437},
  year={2017},
  publisher={IEEE}
}

@article{mudassir2020time,
  title={Time-series forecasting of Bitcoin prices using high-dimensional features: a machine learning approach},
  author={Mudassir, Mohammed and Bennbaia, Shada and Unal, Devrim and Hammoudeh, Mohammad},
  journal={Neural Computing and Applications},
  pages={1--15},
  year={2020},
  publisher={Springer}
}

@book{hyndman2018forecasting,
  title={Forecasting: principles and practice},
  author={Hyndman, Rob J and Athanasopoulos, George},
  year={2018},
  publisher={OTexts}
}

% acnh_api

@book{fielding2000architectural,
  title={Architectural styles and the design of network-based software architectures},
  author={Fielding, Roy T and Taylor, Richard N},
  volume={7},
  year={2000},
  publisher={University of California, Irvine Irvine}
}

% false_positive.py

@misc{brodersen2018overdiagnosis,
  title={Overdiagnosis: what it is and what it isn’t},
  author={Brodersen, John and Schwartz, Lisa M and Heneghan, Carl and O’Sullivan, Jack William and Aronson, Jeffrey K and Woloshin, Steven},
  year={2018},
  publisher={Royal Society of Medicine}
}

@article{bernheim2020chest,
  title={Chest CT findings in coronavirus disease-19 (COVID-19): relationship to duration of infection},
  author={Bernheim, Adam and Mei, Xueyan and Huang, Mingqian and Yang, Yang and Fayad, Zahi A and Zhang, Ning and Diao, Kaiyue and Lin, Bin and Zhu, Xiqi and Li, Kunwei and others},
  journal={Radiology},
  pages={200463},
  year={2020},
  publisher={Radiological Society of North America}
}


@article{ahn2014korea,
  title={Korea’s thyroid-cancer “epidemic”—screening and overdiagnosis},
  author={Ahn, Hyeong Sik and Kim, Hyun Jung and Welch, H Gilbert and others},
  journal={N Engl J Med},
  volume={371},
  number={19},
  pages={1765--1767},
  year={2014}
}

@article{lippi2020potential,
  title={Potential preanalytical and analytical vulnerabilities in the laboratory diagnosis of coronavirus disease 2019 (COVID-19)},
  author={Lippi, Giuseppe and Simundic, Ana-Maria and Plebani, Mario},
  journal={Clinical Chemistry and Laboratory Medicine (CCLM)},
  volume={1},
  number={ahead-of-print},
  year={2020},
  publisher={De Gruyter}
}


@article{wang2020detection,
  title={Detection of SARS-CoV-2 in different types of clinical specimens},
  author={Wang, Wenling and Xu, Yanli and Gao, Ruqin and Lu, Roujian and Han, Kai and Wu, Guizhen and Tan, Wenjie},
  journal={Jama},
  volume={323},
  number={18},
  pages={1843--1844},
  year={2020},
  publisher={American Medical Association}
}

@article{xiang2020antibody,
  title={Antibody detection and dynamic characteristics in patients with COVID-19},
  author={Xiang, Fei and Wang, Xiaorong and He, Xinliang and Peng, Zhenghong and Yang, Bohan and Zhang, Jianchu and Zhou, Qiong and Ye, Hong and Ma, Yanling and Li, Hui and others},
  journal={Clinical Infectious Diseases},
  year={2020}
}


@article{yerushalmy1947statistical,
  title={Statistical problems in assessing methods of medical diagnosis, with special reference to X-ray techniques},
  author={Yerushalmy, Jacob},
  journal={Public Health Reports (1896-1970)},
  pages={1432--1449},
  year={1947},
  publisher={JSTOR}
}

@article{wahrungsfonds2020world,
  title={World Economic Outlook April 2020, The Great Lockdown},
  author={W{\"a}hrungsfonds, Internationaler},
  journal={Washington, DC},
  year={2020}
}

@article{colquhoun2017reproducibility,
  title={The reproducibility of research and the misinterpretation of p-values},
  author={Colquhoun, David},
  journal={Royal society open science},
  volume={4},
  number={12},
  pages={171085},
  year={2017},
  publisher={The Royal Society Publishing}
}

@article{world2020coronavirus,
  title={Coronavirus disease (COVID-19) technical guidance: Laboratory testing for 2019-nCoV in humans},
  author={World-Health-Organization and others},
  journal={Geneva, Switzerland},
  year={2020}
}

% likelihood.py

@article{aldrich1997ra,
  title={RA Fisher and the making of maximum likelihood 1912-1922},
  author={Aldrich, John and others},
  journal={Statistical science},
  volume={12},
  number={3},
  pages={162--176},
  year={1997},
  publisher={Institute of Mathematical Statistics}
}

@inproceedings{kluyver2016jupyter,
  title={Jupyter Notebooks-a publishing format for reproducible computational workflows.},
  author={Kluyver, Thomas and Ragan-Kelley, Benjamin and P{\'e}rez, Fernando and Granger, Brian E and Bussonnier, Matthias and Frederic, Jonathan and Kelley, Kyle and Hamrick, Jessica B and Grout, Jason and Corlay, Sylvain and others},
  booktitle={ELPUB},
  pages={87--90},
  year={2016}
}

@article{poewe2017parkinson,
  title={Parkinson disease},
  author={Poewe, Werner and Seppi, Klaus and Tanner, Caroline M and Halliday, Glenda M and Brundin, Patrik and Volkmann, Jens and Schrag, Anette-Eleonore and Lang, Anthony E},
  journal={Nature reviews Disease primers},
  volume={3},
  pages={17013},
  year={2017},
  publisher={Nature Publishing Group}
}

@article{fisher1936use,
  title={The use of multiple measurements in taxonomic problems},
  author={Fisher, Ronald A},
  journal={Annals of eugenics},
  volume={7},
  number={2},
  pages={179--188},
  year={1936},
  publisher={Wiley Online Library}
}

@book{legendre1805nouvelles,
  title={Nouvelles m{\'e}thodes pour la d{\'e}termination des orbites des com{\`e}tes},
  author={Legendre, Adrien Marie},
  year={1805},
  publisher={F. Didot}
}




