@article{hill2001medical,
  title={Medical image registration},
  author={Hill, Derek LG and Batchelor, Philipp G and Holden, Mark and Hawkes, David J},
  journal={Physics in medicine and biology},
  volume={46},
  number={3},
  pages={R1},
  year={2001},
  publisher={IOP Publishing}
}

@incollection{wachinger2014gaussian,
  title={Gaussian process interpolation for uncertainty estimation in image registration},
  author={Wachinger, Christian and Golland, Polina and Reuter, Martin and Wells, William},
  booktitle={Medical Image Computing and Computer-Assisted Intervention--MICCAI 2014},
  pages={267--274},
  year={2014},
  publisher={Springer}
}