@book{bayes1958essay,
  title={Essay towards solving a problem in the doctrine of chances},
  author={Bayes, Thomas},
  year={1958},
  publisher={University Press}
}