@inproceedings{turk1991face,
  title={Face recognition using eigenfaces},
  author={Turk, Matthew A and Pentland, Alex P},
  booktitle={Computer Vision and Pattern Recognition, 1991. Proceedings CVPR'91., IEEE Computer Society Conference on},
  pages={586--591},
  year={1991},
  organization={IEEE}
}

@article{sirovich1987low,
  title={Low-dimensional procedure for the characterization of human faces},
  author={Sirovich, Lawrence and Kirby, Michael},
  journal={Josa a},
  volume={4},
  number={3},
  pages={519--524},
  year={1987},
  publisher={Optical Society of America}
}

@article{phillips1998feret,
  title={The FERET database and evaluation procedure for face-recognition algorithms},
  author={Phillips, P Jonathon and Wechsler, Harry and Huang, Jeffery and Rauss, Patrick J},
  journal={Image and vision computing},
  volume={16},
  number={5},
  pages={295--306},
  year={1998},
  publisher={Elsevier}
}
