@inproceedings{lowe1999object,
  title={Object recognition from local scale-invariant features},
  author={Lowe, David G},
  booktitle={Computer vision, 1999. The proceedings of the seventh IEEE international conference on},
  volume={2},
  pages={1150--1157},
  year={1999},
  organization={Ieee}
}

@inproceedings{harris1988combined,
  title={A combined corner and edge detector.},
  author={Harris, Chris and Stephens, Mike},
  booktitle={Alvey vision conference},
  volume={15},
  number={50},
  pages={10--5244},
  year={1988},
  organization={Citeseer}
}

@article{hotelling1933analysis,
	title={Analysis of a complex of statistical variables into principal components.},
	author={Hotelling, Harold},
	journal={Journal of educational psychology},
	volume={24},
	number={6},
	pages={417},
	year={1933},
	publisher={Warwick \& York}
}

@inproceedings{kpfrs1901lines,
	title={On Lines and Planes of Closest Fit to Systems of Points in Space},
	author={KPFRS, LIII},
	booktitle={Proceedings of the 17th ACM SIGACT-SIGMOD-SIGART symposium on Principles of database systems (SIGMOD)},
	year={1901}
}