@book{krige1951statistical,
  title={A statistical approach to some mine valuation and allied problems on the Witwatersrand},
  author={Krige, DG},
  year={1951}
}

@book{rasmussen2006gaussian,
  title={Gaussian processes for machine learning},
  author={Rasmussen, Carl Edward and Williams, Christopher KI},
  volume={1},
  year={2006},
  publisher={MIT press Cambridge}
}