@article{hill2001medical,
  title={Medical image registration},
  author={Hill, Derek LG and Batchelor, Philipp G and Holden, Mark and Hawkes, David J},
  journal={Physics in medicine and biology},
  volume={46},
  number={3},
  pages={R1},
  year={2001},
  publisher={IOP Publishing}
}

@incollection{aljabar2005interpolation,
  title={Interpolation artefacts in non-rigid registration},
  author={Aljabar, Paul and Hajnal, Joseph V and Boyes, Richard G and Rueckert, Daniel},
  booktitle={Medical Image Computing and Computer-Assisted Intervention--MICCAI 2005},
  pages={247--254},
  year={2005},
  publisher={Springer}
}

@article{hou1978cubic,
  title={Cubic splines for image interpolation and digital filtering},
  author={Hou, Hsieh S and Andrews, H},
  journal={Acoustics, Speech and Signal Processing, IEEE Transactions on},
  volume={26},
  number={6},
  pages={508--517},
  year={1978},
  publisher={IEEE}
}

@article{stytz1993using,
  title={Using kriging for 3D medical imaging},
  author={Stytz, Martin R and Parrott, Rob W},
  journal={Computerized Medical Imaging and Graphics},
  volume={17},
  number={6},
  pages={421--442},
  year={1993},
  publisher={Elsevier}
}

@article{thevenaz2000image,
  title={Image interpolation and resampling},
  author={Th{\'e}venaz, Philippe and Blu, Thierry and Unser, Michael},
  journal={Handbook of medical imaging, processing and analysis},
  pages={393--420},
  year={2000},
  publisher={Citeseer}
}

@incollection{wachinger2014gaussian,
  title={Gaussian process interpolation for uncertainty estimation in image registration},
  author={Wachinger, Christian and Golland, Polina and Reuter, Martin and Wells, William},
  booktitle={Medical Image Computing and Computer-Assisted Intervention--MICCAI 2014},
  pages={267--274},
  year={2014},
  publisher={Springer}
}